<?xml version="1.0" encoding="UTF-8"?><collection xmlns="http://www.loc.gov/MARC21/slim"><record><leader>00418nam--2200133-i-4500</leader><controlfield tag="001">000026339</controlfield><controlfield tag="002">20161230</controlfield><controlfield tag="005">20161230201036</controlfield><controlfield tag="008">060222s1000------------r-----000-0-eng-d</controlfield><datafield ind1=" " ind2=" " tag="080"><subfield code="a">550.3(063)</subfield></datafield><datafield ind1=" " ind2=" " tag="245"><subfield code="a">5th international symposium `geodesy and physics of the earth`</subfield></datafield><datafield ind1=" " ind2=" " tag="260"><subfield code="a">Postdam, Akademie Der Wissenschaften, 1985, 160p</subfield></datafield><datafield ind1=" " ind2=" " tag="490"><subfield code="a">Veroffentlichungen Des Zentralinstituts Fur Physik Der Erde</subfield></datafield><datafield ind1=" " ind2=" " tag="852"><subfield code="a">72643</subfield></datafield></record></collection>